@Manual{vc-manual,
title = {VideoCore IV 3D Architecture Reference Guide},
organization = {Broadcom Corporation},
edition = {VideoCoreIV-AG100-R},
month = {9},
year = {2013},
note = "\url{https://www.broadcom.com/docs/support/videocore/VideoCoreIV-AG100-R.pdf}",
}

@Misc{gh-1,
title = {Gordon and Eben talk Pi (and other things)},
author = {Liz Upton (Head of Communications Raspberry Pi Foundation)},
year = {2013},
month = {12},
note = "\url{http://www.raspberrypi.org/gordon-and-eben-talk-pi-and-other-things/}",
}

@Misc{gh-2,
title = {Vectors from coarse motion estimation},
author = {Liz Upton (Head of Communications Raspberry Pi Foundation)},
year = {2014},
month = {4},
note = "\url{http://www.raspberrypi.org/vectors-from-coarse-motion-estimation/}",
}

@Misc{gh-3,
title = {Call for questions with engineering and education teams},
author = {Clive Beale},
year = {2014},
month = {8},
note = "\url{http://www.raspberrypi.org/call-for-questions-with-engineering-and-education-teams/}",
}

@Misc{gh-4,
title = {Raspberry Pi guy interviews Clive \& Gordon},
author = {Ben Nuttall (Education Developer Advocate at the Raspberry Pi Foundation)},
year = {2014},
month = {9},
note = "\url{http://www.raspberrypi.org/raspberry-pi-guy-interviews-clive-gordon/}",
}

@Misc{gh-5,
title = {Bend Gordon's ear},
author = {Liz Upton (Head of Communications Raspberry Pi Foundation)},
year = {2013},
month = {7},
note = "\url{http://www.raspberrypi.org/bend-gordons-ear/}",
}

@Misc{gh-6,
title = {Gordon Hollingworth talks to the Orlando Sentinel},
author = {Liz Upton (Head of Communications Raspberry Pi Foundation)},
year = {2013},
month = {8},
note = "\url{http://www.raspberrypi.org/gordon-hollingworth-talks-to-the-orlando-sentinel/}",
}

@Misc{vc-patent,
title = {METHOD AND SYSTEM FOR SUSPENDING VIDEO PROCESSOR AND SAVING PROCESSOR STATE IN SDRAM UTILIZING A CORE PROCESSOR},
author = {Gordon Hollingworth},
year = {2010},
month = {8},
note = {US20110264902},
}
